@article{Gembaczka.2019,
 author = {Gembaczka, Pierre},
 year = {2019},
 title = {Machine Learning f{"u}r Sensoren},
 url = {https://publica.fraunhofer.de/entities/publication/b6e401f0-5599-4dc4-a4f7-f928a09f8cd0/details},
 journal = {wt Werkstattstechnik online}
 }

@book{Marwedel.2021,
 author = {Marwedel, Peter},
 year = {2021},
 title = {Eingebettete Systeme},
 url = {https://library.oapen.org/handle/20.500.12657/49491},
 address = {Wiesbaden},
 publisher = {Springer Fachmedien Wiesbaden},
 isbn = {9783658334376},
 doi = {10.1007/978-3-658-33437-6}
 }

@inproceedings{Westermann.2016,
 author = {Westermann, T. and Anacker, H. and Dumitrescu, R. and Czaja, A.},
 title = {Reference architecture and maturity levels for cyber-physical systems in the mechanical engineering industry},
 booktitle = {2016 IEEE International Symposium on Systems Engineering (ISSE)},
 pages = {1--6},
 publisher = {IEEE},
 year = {2016},
 doi = {10.1109/syseng.2016.7753153}
 }
@book{Ubiquitous_Computing_1994,
 author = {Mark Weiser},
 year = {1994},
 title = {Ubiquitous Computing},
 url = {https://ieeexplore.ieee.org/iel4/4236/14762/x0086424.pdf},
 publisher = {IEEE Computer Society}
 }
@book{Council.2015,
 author = {Council, National Research and {Sciences, Division on Engineering and Physical} and {Board, Computer Science and Telecommunications} and {Education, Committee on 21st Century Cyber-Physical Systems}},
 year = {2015},
 title = {Interim Report on 21st Century Cyber-Physical Systems Education},
 publisher = {National Academies Press},
 isbn = {9780309375979}
}

@article{Zhang.2023,
 author = {Zhang, Zhaoyun and Li, Jingpeng},
 year = {2023},
 title = {A Review of Artificial Intelligence in Embedded Systems},
 url = {https://www.mdpi.com/2072-666x/14/5/897},
 pages = {897},
 volume = {14},
 number = {5},
 journal = {Micromachines},
 doi = {10.3390/mi14050897}
 }

@book{Amit.2018,
 author = {Konar, Amit},
 year = {2018},
 title = {Artificial Intelligence and Soft Computing},
 url = {https://www.taylorfrancis.com/books/mono/10.1201/9781315219738/artificial-intelligence-soft-computing-amit-konar},
 publisher = {CRC Press},
 isbn = {9781315219738},
 doi = {10.1201/9781315219738}
 }

@book{Koricanac.2021,
 author = {Koricanac, Igor},
 year = {2021},
 title = {Impact of AI on the Automobile Industry in the U.S},
 doi = {10.2139/ssrn.3841426}
 }

@incollection{Funk.2022,
 author = {Funk, Michael},
 title = {Schwache KI -- Realgeschichten},
 url = {https://link.springer.com/chapter/10.1007/978-3-658-39020-4_6},
 pages = {109--151},
 publisher = {Springer Vieweg, Wiesbaden},
 isbn = {978-3-658-39020-4},
 booktitle = {Computer und Gesellschaft},
 year = {2022},
 doi = {10.1007/978-3-658-39020-4_6}
 }

@book{Lammel.2023,
 author = {L{"a}mmel, Uwe and Cleve, J{"u}rgen},
 year = {2023},
 title = {K{"u}nstliche Intelligenz: Wissensverarbeitung -- Neuronale Netze},
 publisher = {Carl Hanser Verlag GmbH Co KG},
 isbn = {9783446478824},
 doi = {10.3139/9783446478824}
 }


@article{Wang.2021,
 author = {Wang, Zhenhua and Xie, Wei and Wang, Baosheng and Tao, Jing and Wang, Enze},
 year = {2021},
 title = {A Survey on Recent Advanced Research of CPS Security},
 url = {https://www.mdpi.com/2076-3417/11/9/3751},
 pages = {3751},
 volume = {11},
 number = {9},
 journal = {Applied Sciences},
 doi = {10.3390/app11093751}
 }

@article{Farley.2021,
 author = {Farley, Albertus and Ham, Hanry and Hendra},
 year = {2021},
 title = {Real Time IP Camera Parking Occupancy Detection using Deep Learning},
 url = {https://www.sciencedirect.com/science/article/pii/s1877050921000533},
 pages = {606--614},
 volume = {179},
 journal = {Procedia Computer Science},
 doi = {10.1016/j.procs.2021.01.046}
 }

@article{Hamblen.2013,
 author = {Hamblen, James O. and {van Bekkum}, Gijsbert M. E.},
 year = {2013},
 title = {An Embedded Systems Laboratory to Support Rapid Prototyping of Robotics and the Internet of Things},
 pages = {121--128},
 volume = {56},
 number = {1},
 journal = {IEEE Transactions on Education},
 doi = {10.1109/te.2012.2227320}
}

@article{Mazzia.2020,
 author = {Mazzia, Vittorio and Khaliq, Aleem and Salvetti, Francesco and Chiaberge, Marcello},
 year = {2020},
 title = {Real-Time Apple Detection System Using Embedded Systems With Hardware Accelerators: An Edge AI Application},
 pages = {9102--9114},
 volume = {8},
 journal = {IEEE Access},
 doi = {10.1109/access.2020.2964608}
}